@Book{anderson_comp_flow,
  author    = {John D. Anderson},
  title     = {Modern Compressible Flow with Historical Perspective},
  publisher = {McGraw-Hill},
  series    = {McGraw-Hill Series in Aeronautical and Aerospace Engineering},
  year      = {2003}
}
@Book{liepmann_gd,
  author    = {H. W. Liepmann and A. Roshko },
  title     = {Elements of Gas Dynamics},
  publisher = {Dover},
  year      = {2001}
}
@Book{CareyOden93v2,
  author    = {Carey, F. Graham and Oden, J. Tinsley},
  title     = {Finite Elements: A Second Course},
  publisher = {Prentice-Hall},
  address   = {New Jersey, NJ},
  series    = {Texas Finite Element Series},
  year      = {1993}
}

@Book{Solin03,
  author    = {Pavel Solin and Segeth, P. and Zel, I.D.},
  title     = {High-Order Finite Element Methods},
  publisher = {Chapman and Hall},
  series    = {Studies in Advanced Mathematics},
  year      = {2003}
}
@Book{Karniadakis_book,
  author    = {George EM Karniadakis and Spencer Sherwin},
  title     = {Spectral/hp Finite Element Methods for Computational Fluid Dynamics},
  publisher = {Oxford University Press},
  series    = {Numerical Mathematics and Scientific Computation},
  year      = {2005}
}
@Book{Szabo91,
  author    = {Barna Szabo and Ivo Babuska},
  title     = {Finite Element Analysis},
  publisher = {John Wiley \& Sons, Inc.},
  address   = {New York, NY},
  year      = {1991}
}

@Book{Toro99,
  author    = {Toro, F. Eleuterio},
  title     = {{R}iemann Solvers and Numerical Methods for Fluid Dynamics},
  publisher = {Springer-Verlag, New York, NY},
  series    = {Applied Mechanics},
  year      = {1999}
}

@Book{LR74,
  author    = {Lesaint, P. and Raviart, P. A.},
  title     = {On a Finite Element Method to Solve the Neutron Transport 
              Equation},  
  publisher = {C. de Boor, Academic Press, New York, NY},  
  series    = {Mathematical Aspects of Finite 
               Elements in Partial Differential Equations},  
  pages     = {89--145},  
  year      = {1974}
}

@ARTICLE{BRE97,
  author  = {Bassi, F. and Rebay, S.},
  journal = {J. Comput. Phys.},
  title   = {High-Order Accurate Discontinuous Finite Element Solution
            of the 2{D} {E}uler Equations},
  pages   = {251--285},
  volume  = {138},
  year    = {1997}
}

@ARTICLE{CS98,
  AUTHOR = {Cockburn, B. and Shu, C.-W.},
  JOURNAL= {SIAM J. Numer. Anal.},
  TITLE  = {The Local Discontinuous {G}alerkin Method for Time-Dependent
            Convection-Diffusion Systems },
  PAGES  = {2440--2463},
  VOLUME = {35},
  NUMBER = {6},
  YEAR   = {1998}
}

@ARTICLE{CS2001,
  author  = {Cockburn, B. and Shu, C.-W.},
  journal = {SIAM J. Sci. Comput.},
  title   = {{R}unge-{K}utta Discontinuous {G}alerkin Methods for
            Convection-Dominated Problems},
  pages   = {173--261},
  volume  = {16},
  number  = {3},
  year    = {2001}
}

@INCOLLECTION{CKS99,
  author    = {Cockburn, B. and Karniadakis, G. and Shu, C.-W.},
  address   = {New York, NY},
  booktitle = {Lecture Notes in Computational Science A},
  title     = {Discontinuous {G}alerkin Methods: Theory, Computation and Applications},
  publisher = {Springer-Verlag},
  pages     = {69--224},
  year      = {1999}
}

@ARTICLE{CHS90,
  author  = {Cockburn, B. and Hou, S. and Shu, C.-W.},
  journal = {Math. Comput.},
  title   = {The {R}unge-{K}utta local projection discontinuous {G}alerkin
             finite element method for conservation laws {IV}: 
             The multidimensional case},
  pages   = {},
  volume  = {54},
  number  = {545},
  year    = {1990}
}

@ARTICLE{WLDSK99,
  AUTHOR  = {Warburton, T. C. and Lomtev, I. and Du, 
             Y. and Sherwin, S. J. and Karniadakis, G. E.},
  JOURNAL = {Comput. Methods Appl. Mech. Eng.},
  TITLE   = {{G}alerkin and Discontinuous {G}alerkin Spectral/{\it hp} Methods},
  PAGES   = {343--359},
  VOLUME  = {175},
  YEAR    = {1999}
}

@ARTICLE{HLL83,
  AUTHOR = {Harten, A and Lax, P. D. and Van Leer, B},
  JOURNAL= {SIAM Review},
  TITLE  = {On Upstream Differencing and Godunov-Type Schemes for Hyperbolic Conservation Laws},
  PAGES  = {35--61},
  VOLUME = {25},
  NUMBER = {1},
  YEAR   = {1983}
}
@ARTICLE{BCLC97,
  author  = {Batten, P. and Clarke, N. and Lambert, C. and Causon, D. M.},
  journal = {SIAM J. Sci. Comput.},
  title   = {On the Choice of Wave-speeds for the {HLLC} {R}iemann Solver},
  pages   = {1553--1570},
  volume  = {18},
  number  = {2},
  year    = {1997}
}

@ARTICLE{BLG97,
  AUTHOR  = {Batten, P. and Leschiner, M. A. and Goldberg, U. C.},
  JOURNAL = {J. Comput. Phys.},
  TITLE   = {Average-State Jacobians and Implicit Methods for
            Compressible Viscous and Turbulent Flows},
  PAGES   = {38--78},
  VOLUME  = {137},
  YEAR    = {1997}
}

@ARTICLE{Roe81,
  author  = {Roe, P. L.},
  journal = {J. Comput. Phys.},
  title   = {Approximate {R}iemann Solvers, Parameter vectors, and Difference Schemes},
  pages   = {357--372},
  volume  = {43},
  year    = {1981}
}

@ARTICLE{Davis88,
  author  = {Davis, S. F.},
  journal = {SIAM J. Sci. Statist. Comput.},
  title   = {Simplified Second-Order {G}odunov-Type Methods},
  pages   = {445--473},
  volume  = {9},
  number  = {3},
  year    = {1988}
}

@INPROCEEDINGS{venkat6,
  author  = {Venkatakrishnan, V. and Mavriplis, D. J.},
  title   = {Implicit Method for the Computation of Unsteady Flows on Unstructured Grids},
  month   = {Jun},
  year    = {1995},
  note    = {{AIAA} Paper 95-1705-CP},
  booktitle={Proceedings of the 12th {AIAA} {CFD} Conference, San Diego CA},
}

@ARTICLE{mav7,
  author  = {D. J. Mavriplis},
  title   = {Accurate multigrid solution of the {E}uler equations on
            unstructured and adaptive meshes},
  journal = {AIAA J.},
  year    = {1990},
  volume  = {28},
  number  = {2},
  pages   = {213--221}
}

@INPROCEEDINGS{HMA03,
  author  = {Helenbrook, B. and Mavriplis, D. J. and Atkins, H.},
  title   = {Analysis of ``p''-Multigrid for Continuous and
            Discontinuous Finite Element Discretizations},
  year    = {2003},
  note    = {{AIAA} Paper 2003--3989},
  booktitle={Proceedings of the 16th {AIAA} Computational Fluid 
             Dynamics Conference},
}

@INPROCEEDINGS{mav13,
  author   = {Dimitri J. Mavriplis},
  title    = {Multigrid Techniques for Unstructured Meshes},
  booktitle= {VKI Lecture Series VKI-LS 1995-02},
  month    = {Mar},
  year     = {1995},
}

@ARTICLE{mav24,
  author  = {Dimitri J. Mavriplis},
  title   = {An Assessment of Linear versus Non-Linear Multigrid Methods
             for Unstructured Mesh Solvers},
  journal = {J. Comput. Phys.},
  volume  = {175},
  year    = {2002},
  pages   = {302--325},
}

@INPROCEEDINGS{fidkowski04,
  author  = {Krysztof J. Fidkowski and David L. Darmofal},
  title   = {Development of a Higher-Order Solver for 
             Aerodynamic Applications},  
  year    = {2004},
  note    = {{AIAA} Paper 2004--0436},
  booktitle={Proceedings of the 42nd Aerospace Sciences Meeting 
             and Exhibit, Reno NV},
}

@ARTICLE{HughesBrooks82,
  author  = {T. J. R. Hughes and A. Brooks},
  title   = {Streamline upwind-{P}etrov-{G}alerkin formulations for
             convection dominated flows with particular emphasis
             on the incompressible {N}avier-{S}tokes equations},
  journal = {Comput. Meth. Appl. Mech. Eng.},
  year    = {1982},
  volume  = {32},
  pages   = {199--259},
}

@ARTICLE{SH85,
  AUTHOR = {A. Suddhoo and I.M. Hall},
  JOURNAL= {Aeronaut. J.},
  TITLE  = {Test Cases for the Plane Potential Flow Past Multi-element Airfoils},
  PAGES  = {403--414},
  VOLUME = {89},
  YEAR   = {1985}
}

@BOOK{oosterlee_mg,
   author    = {U. Trottenberg and A. Schuller and C. Oosterlee},
   title     = {Multigrid},
   publisher = {Academic Press},
   address   = {London, UK},
   year      = {2000},
}

@ARTICLE{patera_mg,
   author  = {E. M. Ronquist and A. T. Patera},
   title   = {Spectral Element Multigrid {I}: 
              Formulation and Numerical Results},   
   journal = {{SIAM} J. Sci. Comput.},
   volume  = {2},
   number  = {4},
   year    = {1987},
   pages   = {389--406},
}

@Article{fisher04,
  author  = {James W. Lottes and Paul F. Fischer},
  title   = {Hybrid Multigrid/{S}chwarz Algorithms for the 
             Spectral Element Method},
  journal = {{SIAM} J. Sci. Comput.},
  year    = {2004},
  note    = {To appear},
}

@INPROCEEDINGS{mav12,
   author    = {D. J. Mavriplis},
   title     = {Unstructured Mesh Generation and Adaptivity},
   booktitle = {VKI Lecture Series VKI-LS 1995-02},
   month     = {Mar},
   year      = {1995},
}

@ARTICLE{mav6,
   author  = {D. J. Mavriplis and  V. Venkatakrishnan},
   title   = {Agglomeration Multigrid for Two Dimensional Viscous Flows},
   journal = {Computers and Fluids},
   year    = {1995},
   volume  = {24},
   number  = {5},
   pages   = {553--570},
   month   = {May},
}

@ARTICLE{atkins1,
   author  = {H. Atkins and C. W. Shu},
   title   = {Quadrature-Free Implementation of Discontinuous 
             {G}alerkin Method for Hyperbolic Equations},
   journal = {AIAA Journal},
   volume  = {36},
   number  = {5},
   year    = {1998},
   pages   = {775--782},
}

@ARTICLE{hesthaven1,
 author = {J. S. Hesthaven and T. Warburton},
 title  = {Nodal High-order Methods on Unstructured Grids {I}. 
           Time-Domain Solution of {M}axwell's Equations},
 journal= {J. Comput. Phys.},
 volume = {181},
 number = {1},
 month  = {Sep},
 year   = {2002},
 pages  = {186-221},
 note   = {{ICASE} Report No.01-6}
}

@TechReport{vegtven1,
 author = {J. J. W. van der Vegt and H. van der Ven},
 title  = {Slip Flow Boundary Conditions in Discontinuous
 {G}alerkin discretization of the {E}uler equations of gas dynamics},
 institution = {National Aerospace Laboratory NLR},
 year = {2002},
}

@Article{dunavant1,
 author	= {Dunavant, D. A.},
 title	= {Higher Degree Efficient Symmetrical Gaussian 
	   Quadrature Rules for the Triangle},
 journal = {Int. J. Numer. Meth. Eng.},
 year 	= {1985},
 volume 	= {21},
 pages 	= {1129--1148},
}

@Article{dunavant2,
 author	= {Dunavant, D. A.},
 title	= {Economical Symmetrical Quadrature Rules for Complete 
 	  Polynomials Over a Square Domain},
 journal = {Int. J. Numer. Meth. Eng.},
 year 	= {1985},
 volume 	= {21},
 pages 	= {1777--1784},
}

@TechReport{ices0403,
 author      = {Demkowicz, L.},
 title       = {Projection-Based Interpolation},
 institution = {The University of Texas at Austin},
 year        = {2003},
 type        = {ICES Report},
 number      = {04-03},
}

@TechReport{ticam0111,
 author      = {Demkowicz, L. and Babuska, I.},
 title       = {Optimal {$p$} Interpolation Error Estimates
 		for edge finite elements of variable order in {2D}},
 institution = {The University of Texas at Austin},
 year        = {2001},
 type        = {TICAM Report},
 number      = {01-11},
}

@INPROCEEDINGS{nastase05-01,
  author  = {Cristian R. Nastase and Dimitri J. Mavriplis},
  title   = {High-Order Discontinuous {G}alerkin Methods 
             using a Spectral Multigrid Approach},  
  year    = {2005},
  note    = {{AIAA} Paper 2005--1268},
  booktitle={Proceedings of the 43rd Aerospace Sciences 
             Meeting and Exhibit, Reno NV},
}

@PhdThesis{shahPhd, 
title = {A Parallel High-Order Discontinuous Galerkin Solver For The Unsteady Incompressible Navier-Stokes Equations in Complex Geometries},
author = {Khosro Shahbazi},
school = {University of Toronto},
month = {May},
year = {2007},
}

@ARTICLE{shahjcp,
author = {Khosro Shahbazi and Dimitri J. Mavriplis and Nicholas K. Burgess},
title = {Multigrid Algorithms for High-Order Discontinuous Galerkin Discretizations of the Compressible Navier-Stokes Equations},
  journal= {J. Comput. Phys.},
  volume = {228},
  number = {21},
  month  = {Nov},
  year   = {2009},
  pages  = {7917-7940},
}

@INPROCEEDINGS{cfdlab2009, 
author = {Dimitri J. Mavriplis and  Cristian R. Nastase and  Li Wang and K. Shahbazi and  Nicholas Burgess},
title = {Progress in High-Order Discontinuous Galerkin Methods for Aerospace Applications},
year = {2009},
note = {{AIAA} Paper 2009--0601},
booktitle={Proceedings of 47th Aerospace Sciences Meeting and Exhibit, Orlando FL},
}

@ARTICLE{nastasejcp06,
  author  = {Cristian R. Nastase and Dimitri J. Mavriplis},
  title   = {High-Order discontinuous {G}alerkin Methods 
             using an hp-multigrid approach},  
  journal= {J. Comput. Phys.},
  volume = {213},
  number = {1},
  month  = {Mar},
  year   = {2006},
  pages  = {330-357},
}

@ARTICLE{fidkowski05,
  author  = {Krzysztof J. Fidkowski and Todd A. Oliver and James Lu and David L. Darmofal},
  title   = {p-Multigrid solution of high-order discontinuous {G}alerkin discretizations of the compressible Navier-Stokes equations},  
  journal= {J. Comput. Phys.},
  volume = {207},
  number = {1},
  month  = {Feb},
  year   = {2005},
  pages  = {92-113},
}

@Book{greenbaum,
  author    = {Greenbaum, Anne},
  title     = {Iterative Methods for Solving Linear Systems},
  publisher = {SIAM},
  address   = {Philadelphia, PA},
  series    = {Frontiers in Applied Mathematics},
  year      = {1997},
}

@Book{trefethen,
  author    = {Trefethen, Lloyn N. and Bau, David III},
  title     = {Numerical Linear Algebra},
  publisher = {SIAM},
  address   = {Philadelphia, PA},
  year      = {1997},
}

@Book{saad,
  author    = {Saad, Yousef},
  title     = {Iterative Methods for Sparse Linear Systems},
  publisher = {SIAM},
  address   = {Philadelphia, PA},
  year      = {2003},
}

@Book{golub,
  author    = {Golub, Gene H. and Van Loan, Charles F.},
  title     = {Matrix Computations},
  publisher = {The Johns Hopkins University Press},
  address   = {Baltimore, MD},
  year      = {1996},
}

@Book{hirschv2,
  author    = {Hirsch, Charles},
  title     = {Numerical Computation of Internal and External Flows, Volume 2},
  publisher = {Wiley InterScience},
  address   = {Chichester, West Sussex, UK},
  series    = {Wiley Series in Numerical Methods in Engineering},
  year      = {1984},
}

@Book{hirschv1,
  author    = {Hirsch, Charles},
  title     = {Numerical Computation of Internal and External Flows, Volume 1},
  publisher = {Wiley InterScience},
  address   = {Chichester, West Sussex, UK},
  series    = {Wiley Series in Numerical Methods in Engineering},
  year      = {1984},
}

@Book{mg,
  author    = {Trottenberg, Ulrich and Oosterlee, Cornelis and Schuller, Anton},
  title     = {Multigrid},
  publisher = {Elsevier Academic Press},
  address   = {San Diego, CA},
  year      = {2001},
}

@Book{thomas,
  author    = {Thomas, James William},
  title     = {Numerical Partial Differential Equations: Finite Difference Methods},
  publisher = {Springer},
  address   = {New York, NY},
  series    = {Texts in Applied Mathematics},
  year      = {1995},
}

@TechReport{mavelemmegre,
 author = {Mavriplis, D.J. and Venkatakrishnan, V. },
 title  = {A Unified Multigrid Solver for the Navier-Stokes Equations on Mixed Element Meshes},
 institution = {NASA {ICASE}},
 year        = {1995},
 type        = {ICASE Report},
 number      = {95-53},
}

@ARTICLE{hh,
  author  = {Hartmann, Ralf and Houston, Paul},
  title   = {Symmetric Interior Penalty DG Methods for the Compressible Navier-Stokes Equations I: Method Formulation},  
  journal= {Internal Journal of Numerical Analysis and Modeling},
  volume = {3},
  number = {1},
  year   = {2006},
  pages  = {1-20},
}

@TechReport{mavicase98,
  author  = {Mavriplis, Dimitri. J.},
  title   = {Directional Agglomeration Multigrid Techniques for High-Reynolds Number Viscous Flows},
institution = {NASA {ICASE}},
 year        = {1995},
 type        = {ICASE Report},
 number      = {95-53},
}

@ARTICLE{mav17,
   author = {D. J. Mavriplis},
   title = {Directional Agglomeration Multigrid Techniques for High-{R}eynolds Number Viscous Flow Solvers},
   journal = {AIAA Journal},
   volume = {37},
   number = {10},
   month = {Oct},
   year  = {1999},
   pages = {1222-1230},
}

@ARTICLE{diosady09,
  author  = {Diosady, Laslo T. and David L. Darmofal},
  title   = {Preconditioning methods for discontinuous Galerkin solutions of the Navier-Stokes equations},  
  journal= {J. Comput. Phys.},
  volume = {228},
  number = {1},
  month  = {Mar},
  year   = {2009},
  pages  = {3917-3935},
}

@INPROCEEDINGS{nastase07, 
author = {Cristian R. Nastase and Dimitri J. Mavriplis },
title = {A Parallel hp-Multigrid Solver for Three-Dimensional Discontinuous Galerkin Discretizations of the Euler Equations},
year = {2007},
note = {{AIAA} Paper 2007--0512},
booktitle={Proceedings of 45th Aerospace Sciences Meeting and Exhibit, Reno NV},
}

@UNPUBLISHED{dpw2:summary,
   author = {K. Laflin and O. Brodersen and M. Rakowitz and J. Vassberg and R. Wahls and J. Morrison},
   title = {Summary of Data from the Second {AIAA CFD} Drag Prediction Workshop},
   month = {Jan},
   year = {2004},
   note = {AIAA {P}aper 2004-0555},
}

@UNPUBLISHED{dpw3:summary:2007,
  author = {J. C. Vassberg and E. N. Tinoco and M. Mani and O. P. Brodersen and B. Eisfeld and R. A. Wahls and J. H. Morrison and T. Zickuhr and K. R. Laflin and D. J. Mavriplis},
  title  = {Summary of the Third {AIAA} {CFD} Drag Prediction Workshop},
   note  = {AIAA Paper 2007-0260},
   month = {Jan},
   year  = {2007},
}

@INPROCEEDINGS{Persson06,
  author = {Per-Olof Persson and Jaime Peraire},
  title  = {Sub-Cell Shock Capturing for Discontinuous Galerkin Methods},
   note  = {{AIAA} Paper 2006-112},
   month = {Jan},
   year  = {2006},
   booktitle={Proceedings of 44th Aerospace Sciences Meeting and Exhibit, Reno NV}
}

@PhdThesis{OliverPhd,
title = {A high-order, adaptive, discontinuous Galerkin finite element method for the Reynolds averaged Navier-Stokes equations},
author = {Todd A. Oliver},
school = {Massachusetts Institute of Technology},
month = {sept},
year = {2008},
}

@PhdThesis{BarterPhd,
title = {Shock Capturing with PDE-based artificial viscosity for an adaptive, higher-order discontinuous Galerkin finite element method},
author = {Garrett E. Barter},
school = {Massachusetts Institute of Technology},
month = {Jun},
year = {2008},
}

@INPROCEEDINGS{Oliver09,
author= {Todd A. Oliver and David L. Darmofal},
title = {Impact of Turbulence Model Irregularity on High-Order Discretizations},
 note = {{AIAA} Paper 2009-953},
month = {Jan},
 year = {2009}, 
 booktitle = {Proceeding of the 47th Aerospace Sciences Meeting and Exhibit, Orlando FL},
}

@ARTICLE{Spalart94,
author = {P.R. Spalart and S.R. Allmaras},
 title = {A one-equation turbulence model for Aerodynamic flows},
 journal = {Le Recherche Aerosp\'atiale},
 volume = {1},
 year = {1994},
 pages ={5-21},
}

@INPROCEEDINGS{Barter07,
author= {Garret E. Barter and David L. Darmofal},
title = {Shock Capturing with Higher-Order, PDE-based Artificial Viscosity},
note = {{AIAA} Paper 2007-3823},
month = {Jun},
year = {2007}, 
booktitle = {Proceeding of the 18th Computational Fluid Dynamics Conference, Miami FL},
}

@INPROCEEDINGS{Persson09,
author= {Per-Olof Persson and Jaime Peraire},
title = {Curved Mesh Generation and Mesh Refinement using Lagrangian Solid Mechanics},
note = {{AIAA} Paper 2009-949},
month = {Jan},
year = {2009}, 
booktitle = {Proceeding of the 47th Aerospace Sciences Meeting, Orlando, FL},
}
@INPROCEEDINGS{Mavriplis03,
author= {Dimitri J. Mavriplis},
title = {Revisiting the Least-Squares Procedure for Gradient Reconstruction on Unstructured Meshes},
 note = {{AIAA} Paper 2003-3986},
month = {Jun},
 year = {2003}, 
 booktitle = {Proceeding of the 16th Computational Fluid Dynamics Conference, Orlando, FL},
}
@INPROCEEDINGS{Persson07,
author= {Ngoc Cuong Nguyen, Per-Olof Persson and Jaime Peraire},
title = {RANS Solutions Using High Order Discontinuous Galerkin Methods},
 note = {{AIAA} Paper 2007-914},
month = {Jan},
 year = {2007}, 
 booktitle = {Proceeding of the 45th Aerospace Sciences Meeting, Reno, NV},
}

@INPROCEEDINGS{Kim97,
author= {Chong A. Kim and Antony Jameson and Luigi Martinelli and Kun Xu},
title = {An Accurate LED-BGK Solver on Unstructured Adaptive Meshes},
 note = {{AIAA} Paper 1997-238},
month = {Jan},
 year = {1997},
booktitle = {Proceeding of the 35th Aerospace Sciences Meeting, Reno, NV},
}

@INPROCEEDINGS{Jameson81,
author= {Antony Jameson and Wolfgang Schmidt and Eli Turkel},
title = {Numerical Solution of the Euler Equations by Finite Volume Methods Using Runge-Kutta Time-Stepping Schemes},
 note = {{AIAA} Paper 1981-1259},
month = {Jun},
 year = {1981},
booktitle = {Proceeding of the 14th Fluid and Plasma Dynamic Conference, Palo Alto, CA},
}

@ARTICLE{Wangjcp07,
  author  = {Li Wang and Dimitri J. Mavriplis},
  title   = {Implicit solution of the unsteady Euler equations for high-order accurate discontinuous Galerkin discretizations},  
  journal= {J. Comput. Phys.},
  volume = {225},
  number = {2},
  month  = {Aug},
  year   = {2007},
  pages  = {1994-2015},
}
@INPROCEEDINGS{turbexp,
author= {D.E. Coles and E.A. Hirst},
title = {Computation of Turbulent Boundary Layers},
note = {Vol. II  Stanford University},
year = {1969}, 
booktitle = {AFOSR-IFP-Stanford Conference}
}

@INPROCEEDINGS{burgess2010-01,
author= {Nicholas K. Burgess and Cristian R. Nastase and Dimitri J. Mavriplis},
title = {Efficient Solution Techniques for Discontinuous Galerkin Discretizations of the Navier-Stokes Equations on Hybrid Anisotropic Meshes},
note = {{AIAA} Paper 2010-1448},
month = {Jan},
year = {2010},
booktitle = {Proceeding of the 48th Aerospace Sciences Meeting, Orlando, FL}
}

@INPROCEEDINGS{Oliver2007,
author= {Todd A. Oliver and David L. Darmofal},
title = {An Unsteady Adaptation Algorithm for Discontinuous Galerkin Discretizations of the RANS Equations},
 note = {{AIAA} Paper 2007-3940},
month = {Jun},
 year = {2007},
booktitle = {Proceeding of the 18th AIAA CFD Conference, Miami, FL}
}
@ARTICLE{OliverSIAM09,
  author  = {Todd A. Oliver and David L. Darmofal},
  title   = {Analysis of Dual Consistency for Discontinuous Galerkin Discretizations of Source Terms},  
  journal= {SIAM J. Numer. Anal.},
  volume = {47},
  number = {1},
  year   = {2009},
  pages  = {3507},
}

@ARTICLE{brejcp97,
  author  = {F. Bassi and S. Rebay},
  title   = {A High-Order Accurate Discontinuous Finite Element Method for the Numerical Solution of the Compressible Navier-Stokes Equations},  
  journal= {J. Comput. Phys.},
  volume = {131},
  number = {2},
  month  = {Mar},
  year   = {1997},
  pages  = {267-279},
}
@ARTICLE{bre02,
  author  = {F. Bassi and S. Rebay},
  title   = {Numerical Evaluation of two discontinuous Galerkin methods for the compressible Navier-Stokes equations},  
  journal= {Int. J. Numer. Meth. in Fluids},
  volume = {40},
  number = {1},
  month  = {Sept},
  year   = {2002},
  pages  = {197-207},
}
@ARTICLE{bre05,
  author  = {Francesco Bassi and Andrea Crivellini and Stefano Rebay and Marco Savini},
  title   = {Discontinuous Galerkin solution of the Reynolds-averaged Navier-Stokes and k-$\omega$ turbulence model equations},  
  journal= {Computers and Fluids},
  volume = {34},
  number = {4},
  month  = {May},
  year   = {2005},
  pages  = {507-540},
}
@ARTICLE{Wang09,
  author  = {Li Wang and Dimitri J. Mavriplis},
  title   = {Adjoint-based h-p adaptive discontinuous Galerkin methods for the 2D Euler Equations},  
  journal= {Journal of Computational Physics},
  volume = {228},
  number = {20},
  month  = {Nov},
  year   = {2009},
  pages  = {7643-7661},
}
@PhdThesis{WangPhd,
title = {Techniques For High-Order Adaptive Discontinuous Galerkin Discretizations in Fluid Dynamics},
author = {Li Wang},
school = {University of Wyoming},
month = {Jun},
year = {2009},
}
@PhdThesis{ManiPhd,
title = {Application of the Discrete Adjoint Method to Coupled Multidisciplinary Unsteady Flow Problems for Error Estimation and Optimization},
author = {Karthik Mani},
school = {University of Wyoming},
month = {May},
year = {2009},
}
@ARTICLE{krivod04,
  author  = {L. Krivodonova and J. Xin and J.F. Remacle and N. Chevaugeon and J. Flaherty},
  title   = {Shock detection and limiting with discontinuous Galerkin methods for hyperbolic conservation laws},  
  journal= {Appl. Numer. Math},
  volume = {48},
  number = {3-4},
  month  = {Mar},
  year   = {2004},
  pages  = {323-338},
}
@BOOK{nodaldg,
   author    = {Jan S. Hesthaven and Tim Warburton},
   title     = {Nodal Discontinuous Galerkin Methods},
   publisher = {Springer},
   address   = {New York, NY},
   year      = {2008},
}
@ARTICLE{hartmanndc07,
  author  = {Ralf Hartmann},
  title   = {Dual Consistency Analysis of Discontinuous Galerkin Discretizations},  
  journal= {SIAM Journal of Numerical Analysis},
  volume = {45},
  number = {6},
  year   = {2007},
  pages  = {2671-2696},
}
@ARTICLE{hartmann08,
  author  = {Ralf Hartmann and Paul Houston},
  title   = {An optimal order interior penalty discontinuous Galerkin discretization of the compressible Navier-Stokes equations},  
  journal= {Journal of Computational Physics},
  volume = {227},
  number = {22},
  month  = {Nov},
  year   = {2008},
  pages  = {9670-9685},
}
@INPROCEEDINGS{sachin09,
author= {Sachin Premasuthan and Chunlei Liang and Antony Jameson},
title = {A Spectral Difference method for viscous compressible flows with shocks},
 note = {{AIAA} Paper 2009-3785},
month = {Jun},
 year = {2009},
booktitle = {Proceeding of the 19th AIAA Computational Fluid Dynamics Conference, San Antonio, Texas}
}
@INPROCEEDINGS{sachin10,
author= {Sachin Premasuthan and Chunlei Liang and Antony Jameson},
title = {Computation of Flows with Shocks Using Spectral Difference Scheme with Artificial Viscosity},
 note = {{AIAA} Paper 2010-1449},
month = {Jun},
 year = {2010},
booktitle = {Proceeding of the 48th Aerospace Sciences Meeting, Orlando, FL}
}
@ARTICLE{estep95,
  author  = {Donald J. Estep},
  title   = {A posteriori error bounds and global error control for approximation of ordinary differential equations},  
  journal= {SIAM Journal of Numerical Analysis},
  volume = {32},
  number = {1},
  year   = {1995},
  pages  = {1-48},
}
@ARTICLE{venditti03,
  author  = {David A. Venditti and David L. Darmofal},
  title   = {Anisotropic grid adaption for functional outputs:application to two-dimensional viscous flows},  
  journal= {Journal of Computational Physics},
  volume = {187},
  number = {1},
  month  = {May},
  year   = {2003},
  pages  = {22-46},
}
@ARTICLE{hartmann02,
  author  = {Ralf Hartmann and Paul Houston},
  title   = {Adaptive Discontinuous Galerkin Finite Element Methods for the Compressible Euler Equations},  
  journal= {Journal of Computational Physics},
  volume = {183},
  number = {2},
  month  = {Dec},
  year   = {2002},
  pages  = {508-532},
}
@ARTICLE{riviere06,
  author  = {Y. Epshteyn and B. Rivi\`{e}re},
  title   = {Estimation of penalty parameters for symmetric interior penalty Galerkin methods},  
  journal= {Journal of Computational and Applied Mathematics},
  volume = {206},
  number = {2},
  month  = {Sept},
  year   = {2007},
  pages  = {843-872},
}
@ARTICLE{Manijcp10,
  author  = {Karthik Mani},
  title   = {Error estimation and adaptation for functional outputs in time-dependent flow problems},  
  journal= {Journal of Computational Physics},
  volume = {229},
  number = {2},
  month  = {Jan},
  year   = {2010},
  pages  = {415-440},
}
@ARTICLE{mav95,
  author  = {Walter O. Valarezo and Dimitri J. Mavriplis},
  title   = {Navier-Stokes Applications to High-Lift Airfoil Analysis},  
  journal= {Journal of Aircraft},
  volume = {32},
  number = {3},
  month  = {May},
  year   = {1995},
  pages  = {618-624},
}
@ARTICLE{hartmann2011,
  author  = {Ralf Hartmann and Joachim Held and Tobias Leicht},
  title   = {Adjoint-based error estimation and adaptive mesh refinement for the RANS and k-$\omega$ turbulence model equations },  
  journal= {Journal of Computational Physics},
  volume = {230},
  number = {11},
  month  = {May},
  year   = {2011},
  pages  = {4268-4284},
}
@INPROCEEDINGS{zjwang2011,
  author  = {T. Haga and Z.J. Wang},
  title   = {Efficient Solution Techniques for High-Order Methods on 3-D Anisotropic Hybrid Meshes},
  month   = {Jan},
  year    = {2011},
  note    = {{AIAA} Paper 2011-45},
  booktitle={Proceedings of the 49th {AIAA} Aerospace Sciences Meeting, Orlando FL},
}
@INPROCEEDINGS{iacono2010,
  author  = {Francesca Iacono and Georg May and Z.J. Wang},
  title   = {Relaxation Techniques for High-Order Discretizations of Steady Compressible Inviscid Flows},
  month   = {Jun},
  year    = {2010},
  note    = {{AIAA} Paper 2010-4991},
  booktitle={Proceedings of the 40th {AIAA} Fluid Dynamics Conference,Chicago IL},
}
@ARTICLE{nair09,
  author  = { R.D. Nair and H-W. Choi and H.M. Tufo},
  title   = {Computational aspects of scalable high-order discontinuous Galerkin atmospheric dynamical core },  
  journal= {Computer and Fluids},
  volume = {38},
  month  = {Feb},
  number = {2},
  year   = {2009},
  pages  = {309-319},
}
@INPROCEEDINGS{hongluo2011,
  author  = {Yidong Xia and Hong Luo and Robert Norgaliev and Chunpei Cai},
  title   = {A class of Reconstructed Discontinuous Galerkin Methods for the Compressible Flows on Arbitrary Grids},
  month   = {Jan},
  year    = {2011},
  note    = {{AIAA} Paper 2011-199},
  booktitle={Proceedings of the 49th {AIAA} Aerospace Sciences Meeting, Orlando FL},
}
@ARTICLE{Ekaterinaris,
  author  = {Ioannis Toulopoulos and John A. Ekaterinaris},
  title   = {High-Order Discontinuous Galerkin Discretizations for Computational Aeroacoustics in Complex Domains},  
  journal= {AIAA Journal},
  volume = {44},
  month  = {Mar},
  number = {3},
  year   = {2006},
  pages  = {502-511},  
}
@ARTICLE{Wang2010,
  author  = {Li Wang and Dimitri J. Mavriplis and W. Kyle Anderson},
  title   = {Adjoint Sensitivity Formulation for Discontinuous Galerkin Discretizations in Unsteady Inviscid Flow Problems},  
  journal= {AIAA Journal},
  volume = {48},
  month  = {Dec},
  number = {12},
  year   = {2010},
  pages  = {2867-2883},  
}
@ARTICLE{Mascarenhas2009,
  author  = {Brendan S. Mascarenhas and Brian T. Helenbrook and Harold L. Atkins},
  title   = {Application of p-Multigrid to Discontinuous Galerkin Formulations of the Euler Equations},  
  journal= {AIAA Journal},
  volume = {47},
  month  = {May},
  number = {5},
  year   = {2009},
  pages  = {1200-1208},  
}
@INPROCEEDINGS{Ekaterinaris2011,
  author  = {Konstantinos Kontzialis and John A. Ekaterinaris},
  title   = {Limiters for Discontinuous Galerkin Discretizations for Mixed Type Meshes with p-type adaptivity},  
  month   = {Jan},
  year    = {2011},
  note    = {{AIAA} Paper 2011-297},
  booktitle={Proceedings of the 49th {AIAA} Aerospace Sciences Meeting, Orlando FL},
}
@ARTICLE{Barter2010,
  author  = {Garrett E. Barter and David L. Darmofal},
  title   = {Shock Capturing with PDE-based artificial viscosity for DGFEM: Part I. Formulation },  
  journal= {Journal of Computational Physics},
  volume = {229},
  number = {5},
  month  = {Mar},
  year   = {2010},
  pages  = {1810-1827},
}
@INPROCEEDINGS{Bassi2009,
  author  = {Francesco Bassi Andrea Crivellini and Stefano Rebay},
  title   = {High-Order Discontinuous Galerkin Discretization of Transonic Turbulent Flows},  
  month   = {Jan},
  year    = {2009},
  note    = {{AIAA} Paper 2009-180},
  booktitle={Proceedings of the 47th {AIAA} Aerospace Sciences Meeting, Orlando FL},
}
@INPROCEEDINGS{burgess2011,
author= {Nicholas K. Burgess and Dimitri J. Mavriplis},
title = {An $hp$-Adaptive Discontinuous Galerkin Solver for Aerodynamic flows on Mixed-Element Meshes},
note = {{AIAA} Paper 2011-490},
month = {Jan},
year = {2011},
booktitle = {Proceeding of the 49th Aerospace Sciences Meeting, Orlando, FL}
}

@ARTICLE{Klockner2011,
  author  = {A. Kl\"{o}ckner and T. Warburton and J.S. Hesthaven},
  title   = {Viscous Shock Capturing in a Time-Explicit Discontinuous Galerkin Method},  
  journal= {Mathematical Modeling of Natural Phenomena},
  volume = {6},
  month  = {Jan},
  number = {3},
  year   = {2011},
  pages  = {57-83},  
}

@ARTICLE{VonNeumann50,
  author  = {J. VonNeumann and R.D. Richtmyer},
  title   = {A Method for the Numerical Calculation of Hydrodynamic Shocks },  
  journal= {Journal of Applied Physics},
  volume = {21},
  month  = {Mar},
  number = {3},
  year   = {1950},
  pages  = {232-238},  
}
@ARTICLE{MYang09,
  author  = {M. Yang and Z. J. Wang},
  title   = {A Parameter-Free Generalized Moment Limiter for High-Order Methods on Unstructured Grids},  
  journal= {Advances in Applied Mathematics and Mechanics},
  volume = {4},
  number = {1},
  month  = {},
  year   = {2009},
  pages  = {451-480},
}
@INPROCEEDINGS{Burgess2011SIAM,
author = {Nicholas K. Burgess and Dimitri J. Mavriplis},
title = {An $hp$-adaptive Discontinuous Galerkin Method for the Navier-Stokes Equations},
booktitle = {Proceedings of the SIAM Conference on Computational Science and Engineering},
organization = {Society of Industrial and Applied Mathematics},
month = {Mar},
year ={2011},
address = {Reno, NV},
}
@ARTICLE{mavumesh,
  author  = {D.J. Mavriplis},
  title   = {An Advancing Front Delaunay Triangulation Algorithm Designed for Robustness},  
  journal= {Journal of Computational Physics},
  volume = {117},
  number = {1},
  month  = {Mar},
  year   = {1995},
  pages  = {90-101},
}

@INPROCEEDINGS{leicht2011,
author= {Tobias Leicht and Ralf Hartmann},
title = {Goal-oriented Error Estimation and $hp$-Adaptive Mesh Refinement for Aerodynamic Flows },
note = {{AIAA} Paper 2011-212},
month = {Jan},
year = {2011},
booktitle = {Proceeding of the 49th Aerospace Sciences Meeting, Orlando, FL}
}

@ARTICLE{nielsen2004,
  author  = {Eric J. Nielsen and James Lu and Mike A. Park and David L. Darmofal },
  title   = {An Implicit, exact dual adjoint solution method for turbulent flows on unstructured grid},  
  journal= {Computers and Fluids},
  volume = {33},
  month  = {Nov},
  number = {9},
  year   = {2004},
  pages  = {1131-1155},  
}

@TechReport{cfl3dman,
 author = {Sherrie L. Krist and Robert T. Biedron and Christopher L. Rumsey },
 title  = {CFL3D User's Manual (Version 5.0) },
 institution = {NASA},
 month       = {Jun},
 year        = {1998},
 type        = {NASA Technical Report},
 number      = {1988-208444},
}
@online{fun3dman,
 author = {Eric J. Nielsen },
 title  = {FUN3D User's Manual},
 institution = {NASA Langley Research Center, Computational Modeling and Simulation Branch},
 url = {http://fun3.larc.nasa.gov}
}

@INPROCEEDINGS{Gao2011,
author= {Haiyang Gao and Z.J. Wang},
title = {A Residual-Based Procedure for hp-Adaptation on 2D Hybrid Meshes },
note = {{AIAA} Paper 2011-492},
month = {Jan},
year = {2011},
booktitle = {Proceeding of the 49th Aerospace Sciences Meeting, Orlando, FL}
}
@ARTICLE{mav_dpw:2008,
  author  = {Dimitri J. Mavriplis},
  title   = {Third Drag Prediction Workshop Using the NSU3D Unstructured Mesh Solver},  
  journal= {AIAA Journal of Aircraft},
  volume = {45},
  number = {3},
  month  = {Mar},
  year   = {2008},
  pages  = {750-761},
}
@ARTICLE{cwangshu1998,
  author  = {B. Cockburn and C.-W. Shu},
  title   = {The Runge-Kutta discontinuous Galerkin method for conservation laws V: multidimensional systems},  
  journal= {SIAM Journal of Numerical Analysis},
  volume = {141},
  number = {1},
  year   = {1998},
  pages  = {199-224},
}
@BOOK{blazekbook,
   author    = {Jiri Blazek	},
   title     = {Computational Fluid Dynamics: Principles and Applications},
   publisher = {Elseveir},
   address   = {Kidlington, Oxford},
   year      = {2001},
}
@ARTICLE{dana,
  author  = {Willima J. Rider and Dana A. Knoll and Gordon L. Olson },
  title   = {A Multigrid Newton-Krylov Method for Multi-material Equilibrium Radiation Diffusion},  
  journal= {Journal of Computational Physics},
  volume = {152},
  number = {1},
  month  = {Jun},
  year   = {1999},
  pages  = {164-191},
}
@ARTICLE{vincent2011,
  author  = {P.E. Vincent and A. Jameson },
  title   = {Facilitating the Adoption of Unstructured High-Order Methods Amongst a Wider Community of Fluid Dynamicists},  
  journal= {Mathematical Modeling of Natural Phenomena},
  volume = {8},
  number = {3},
  month  = {May},
  year   = {2011},
  pages  = {97-140},
}
@INPROCEEDINGS{VLH,
author= {D. H\"{a}nel and R. Schwane},
title = {An implicit flux-vector splitting scheme for the computation of viscous hypersonic flow },
note = {{AIAA} Paper 1989-274},
month = {Jan},
year = {1989},
booktitle = {Proceeding of the 27th Aerospace Sciences Meeting, Reno, NV}
}
@INPROCEEDINGS{yamazaki2011,
author= {Wataru Yamazaki and Dimitri J. Mavriplis},
title = {Derivative-Enhanced Variable Fidelity Surrogate Modeling for Aerodynamic Functions},
note = {{AIAA} Paper 2011-1172},
month = {Jan},
year = {2011},
booktitle = {Proceeding of the 49th Aerospace Sciences Meeting, Reno, NV}
}
@INPROCEEDINGS{rumpfkeil2011,
author= {Markus Rumpfkeil and Wataru Yamazaki and Dimitri J. Mavriplis},
title = {A Dynamic Sampling Method for Kriging and Cokriging Surrogate Models},
note = {{AIAA} Paper 2011-883},
month = {Jan},
year = {2011},
booktitle = {Proceeding of the 49th Aerospace Sciences Meeting, Reno, NV}
}
@INPROCEEDINGS{lockwood2011,
author= {Brian Lockwood and Markus Rumpfkeil and Wataru Yamazaki and Dimitri J. Mavriplis},
title = {Uncertainty Quantification in Viscous Hypersonic Flows using Gradient Information and Surrogate Modeling},
note = {{AIAA} Paper 2011-885},
month = {Jan},
year = {2011},
booktitle = {Proceeding of the 49th Aerospace Sciences Meeting, Reno, NV}
}
@INPROCEEDINGS{lockwood2010,
author= {Brian A. Lockwood and Dimitri J. Mavriplis},
title = {Parameter Sensitivity for Hypersonic Viscous Flow using a Discrete Adjoint Approach},
note = {{AIAA} Paper 2010-447},
month = {Jan},
year = {2010},
booktitle = {Proceeding of the 48th Aerospace Sciences Meeting, Reno, NV}
}
@MISC{markus-personal,
author = {Markus Rumpfkeil}, 
howpublished={Personal Communication},
year = 2011,
}
@INPROCEEDINGS{wissink-etal-2011-aiaa,
author= {Venkateswaran Sankaran and Andrew Wissink and Anubhav Datta and Jayanarayanan Sitaraman and Buvana Jayaraman and Mark Potsdam and Aaron Katz and Sean Kamkar and Beatrice Roget and Dimitri Mavriplis and Hossein Saberi, Wei-Bin Chen and Wayne Johnson and Roger Strawn},
title = {Overview of the Helios Version 2.0 Computational Platform for Rotorcraft Simulations},
note = {{AIAA} Paper 2011-1105},
month = {Jan},
year = {2011},
booktitle = {Proceeding of the 49th Aerospace Sciences Meeting, Reno, NV}
}
@ARTICLE{pierce04,
  author  = {Niles A. Pierce and Michael B. Giles },
  title   = {Adjoint and defect error bounding and correction for functional estimates},  
  journal= {Journal of Computational Physics},
  volume = {200},
  number = {2},
  month  = {Nov},
  year   = {2004},
  pages  = {769-794},
}

@INPROCEEDINGS{dlrkriging,
author={Zhong-Hua Han and Stefan G\"{o}rtz and Ralf Zimmermann},
title = {On Improving Efficiency and Accuracy of Variable-Fidelity Surrogate Modeling in Aero-data for Loads Context},
note = {},
month = {Oct},
year = {2009},
booktitle = {Proceeding of the CEAS 2009 European Air and Space Conference, Manchester, UK}
}

@Book{lomaxbook,
  author    = {Harvard Lomax and Thomas H. Pulliam and David W. Zingg},
  title     = {Fundamentals of Computational Fluid Dynamics},
  publisher = {Springer-Verlag},
  series    = {Scientific Computation},
  year      = {2001}
}

@Book{tannehill,
  author    = {Dale A. Anderson and John C. Tannehill and R. H. Petcher},
  title     = {Computational Fluid Dynamics and Heat Transfer},
  publisher = {Hemisphere Publishing},
  address   = {New York, NY},
  year      = {1984}
}
@Book{zienkiewiczbook,
  author    = {O.C. Zienkiewicz and R.L. Taylor},
  title     = {The Finite Element Method Volume 3 Fluid Dynamics},
  publisher = {Butterworth-Heinemann},
  edition   = {Fifth},
  address   = {Oxford, UK},
  year      = {2000}
}

@INPROCEEDINGS{hosderpc,
author= {Serhat Hosder and Robert W. Walters},
title = {Non-Intrusive Polynomial Chaos Methods for Uncertainty Quantification in Fluid Dynamics},
note = {{AIAA} Paper 2010-129},
month = {Jan},
year = {2010},
booktitle = {Proceeding of the 48th Aerospace Sciences Meeting, Reno, NV}
}